<?xml version="1.0" encoding="UTF-8"?><record xmlns="http://www.loc.gov/MARC21/slim" xmlns:cinclude="http://apache.org/cocoon/include/1.0" xmlns:zs="http://www.loc.gov/zing/srw/">
  <leader>00505nz  a2200145n  4500</leader>
  <controlfield tag="001">nb2001064602</controlfield>
  <controlfield tag="003">DLC</controlfield>
  <controlfield tag="005">20010901063109.0</controlfield>
  <controlfield tag="008">010831n| acannaabn          |n aaa      </controlfield>
  <datafield tag="010" ind1=" " ind2=" ">
    <subfield code="a">nb2001064602</subfield>
  </datafield>
  <datafield tag="040" ind1=" " ind2=" ">
    <subfield code="a">Uk</subfield>
    <subfield code="b">eng</subfield>
    <subfield code="c">Uk</subfield>
  </datafield>
  <datafield tag="100" ind1="1" ind2="0">
    <subfield code="a">Bennett, Charles,</subfield>
    <subfield code="d">1957-</subfield>
  </datafield>
  <datafield tag="667" ind1=" " ind2=" ">
    <subfield code="a">Data on Cambusnethan ..., provided by Nat. Lib. of Scotland</subfield>
  </datafield>
  <datafield tag="670" ind1=" " ind2=" ">
    <subfield code="a">Cambusnethan North Parish Church, 1999:</subfield>
    <subfield code="b">t.p. (Charles Bennett) BL AL sent 18 July 2001</subfield>
  </datafield>
  <datafield tag="670" ind1=" " ind2=" ">
    <subfield code="a">BL AL recd. 31 Aug. 2001</subfield>
    <subfield code="b">(Charles Bennett, born 3 Aug. 1957)</subfield>
  </datafield>
</record>